<?xml version="1.0" encoding="UTF-8"?>
<record xmlns="http://www.loc.gov/MARC21/slim" xmlns:xsi="http://www.w3.org/2001/XMLSchema-instance" xsi:schemaLocation="http://www.loc.gov/MARC21/slim http://www.loc.gov/standards/marcxml/schema/MARC21slim.xsd">
<leader>00000cam a22      i 4500</leader>
<controlfield tag="001">001685837</controlfield>
<controlfield tag="003">NNU</controlfield>
<controlfield tag="005">20150114164637.0</controlfield>
<controlfield tag="008">820524s1966    iq       bm   000 0bara c</controlfield>
<datafield tag="010" ind1=" " ind2=" ">
<subfield code="a">ne 67001387</subfield>
</datafield>
<datafield tag="035" ind1=" " ind2=" ">
<subfield code="a">(OCoLC)8454988</subfield>
</datafield>
<datafield tag="040" ind1=" " ind2=" ">
<subfield code="a">Princeton Univ. Libr.</subfield>
<subfield code="b">eng</subfield>
<subfield code="c">TKN</subfield>
<subfield code="d">TKN</subfield>
<subfield code="d">OCLCG</subfield>
<subfield code="d">CUY</subfield>
<subfield code="d">OCLCQ</subfield>
<subfield code="d">OCLCF</subfield>
<subfield code="d">OCLCQ</subfield>
<subfield code="d">NNU</subfield>
</datafield>
<datafield tag="050" ind1=" " ind2="4">
<subfield code="a">PJ6064.A25</subfield>
<subfield code="b">H3</subfield>
</datafield>
<datafield tag="100" ind1="1" ind2=" ">
<subfield code="6">880-01</subfield>
<subfield code="a">al-Ḥadīthī, Khadījah ʻAbd al-Razzāq.</subfield>
</datafield>
<datafield tag="245" ind1="1" ind2="0">
<subfield code="6">880-02</subfield>
<subfield code="a">Abū Ḥayyān al-Naḥawī /</subfield>
<subfield code="c">[taʼlīf] Khadījah al-Ḥadīthī.</subfield>
</datafield>
<datafield tag="250" ind1=" " ind2=" ">
<subfield code="6">880-03</subfield>
<subfield code="a">[al-Ṭabʻah 1].</subfield>
</datafield>
<datafield tag="260" ind1=" " ind2=" ">
<subfield code="6">880-04</subfield>
<subfield code="a">Baghdād :</subfield>
<subfield code="b">Maktabat al-Nahḍah,</subfield>
<subfield code="c">[1966]</subfield>
</datafield>
<datafield tag="300" ind1=" " ind2=" ">
<subfield code="a">699 pages ;</subfield>
<subfield code="c">25 cm.</subfield>
</datafield>
<datafield tag="336" ind1=" " ind2=" ">
<subfield code="a">text</subfield>
<subfield code="b">txt</subfield>
<subfield code="2">rdacontent</subfield>
</datafield>
<datafield tag="337" ind1=" " ind2=" ">
<subfield code="a">unmediated</subfield>
<subfield code="b">n</subfield>
<subfield code="2">rdamedia</subfield>
</datafield>
<datafield tag="338" ind1=" " ind2=" ">
<subfield code="a">volume</subfield>
<subfield code="b">nc</subfield>
<subfield code="2">rdacarrier</subfield>
</datafield>
<datafield tag="490" ind1="0" ind2=" ">
<subfield code="6">880-05</subfield>
<subfield code="a">Dirāsāt Jāmiʻīyah</subfield>
</datafield>
<datafield tag="500" ind1=" " ind2=" ">
<subfield code="a">Cover title: Abu Hayyan al-Nahawi, by Khadīja al-Hadithi.</subfield>
</datafield>
<datafield tag="502" ind1=" " ind2=" ">
<subfield code="a">Risālat al-Ducturāh-Jāmiʻat al-Qāhirah, 1964.</subfield>
</datafield>
<datafield tag="504" ind1=" " ind2=" ">
<subfield code="a">Includes bibliographical references (pages 591-604).</subfield>
</datafield>
<datafield tag="530" ind1=" " ind2=" ">
<subfield code="a">Also issued online.</subfield>
</datafield>
<datafield tag="600" ind1="0" ind2="0">
<subfield code="6">880-06</subfield>
<subfield code="a">Abū Ḥayyān Muḥammad ibn Yūsuf,</subfield>
<subfield code="d">1256-1344.</subfield>
</datafield>
<datafield tag="600" ind1="0" ind2="7">
<subfield code="a">Abū Ḥayyān Muḥammad ibn Yūsuf,</subfield>
<subfield code="d">1256-1344</subfield>
<subfield code="2">fast</subfield>
<subfield code="0">(OCoLC)fst00150356</subfield>
</datafield>
<datafield tag="776" ind1="0" ind2="8">
<subfield code="i">Online version:</subfield>
<subfield code="a">al-Ḥadīthī, Khadījah ʻAbd al-Razzāq.</subfield>
<subfield code="t">Abū Ḥayyān al-Naḥawī.</subfield>
<subfield code="b">[al-Ṭabʻah 1].</subfield>
<subfield code="d">Baghdād, Maktabat al-Nahḍah [1966]</subfield>
<subfield code="w">(OCoLC)569017198</subfield>
</datafield>
<datafield tag="880" ind1="1" ind2=" ">
<subfield code="6">100-01/</subfield>
<subfield code="a">حديثى، خديجة عبد الرازق.</subfield>
</datafield>
<datafield tag="880" ind1="1" ind2="0">
<subfield code="6">245-02/</subfield>
<subfield code="a">أبو حيان النحوى /</subfield>
<subfield code="c">خديجة الحديثى.</subfield>
</datafield>
<datafield tag="880" ind1=" " ind2=" ">
<subfield code="6">250-03/</subfield>
<subfield code="a">الطبعة ١.</subfield>
</datafield>
<datafield tag="880" ind1=" " ind2=" ">
<subfield code="6">260-04/</subfield>
<subfield code="a">بغداد :</subfield>
<subfield code="b">مكتبة النهضة،</subfield>
<subfield code="c">١٩٦٦.</subfield>
</datafield>
<datafield tag="880" ind1="0" ind2=" ">
<subfield code="6">490-05/</subfield>
<subfield code="a">دراسات جامعية</subfield>
</datafield>
<datafield tag="880" ind1="0" ind2="4">
<subfield code="6">600-06/</subfield>
<subfield code="a">ابو حيان محمد بن يوسف،</subfield>
<subfield code="d">1256-1344.</subfield>
</datafield>
<datafield tag="830" ind1=" " ind2="0">
<subfield code="6">880-07</subfield>
<subfield code="a">Dirāsāt Jāmiʻīyah.</subfield>
</datafield>
<datafield tag="880" ind1=" " ind2="0">
<subfield code="6">830-07/</subfield>
<subfield code="a">دراسات جامعية.</subfield>
</datafield>
<datafield tag="OWN" ind1=" " ind2=" ">
<subfield code="a">GENERAL</subfield>
</datafield>
<datafield tag="AVA" ind1=" " ind2=" ">
<subfield code="a">NYU50</subfield>
<subfield code="b">BOBST</subfield>
<subfield code="c">Main Collection</subfield>
<subfield code="d">PJ7760.A28 Z6 1966</subfield>
<subfield code="e">unavailable</subfield>
<subfield code="t">Unavailable</subfield>
<subfield code="f">1</subfield>
<subfield code="g">1</subfield>
<subfield code="h">N</subfield>
<subfield code="i">0</subfield>
<subfield code="j">MAIN</subfield>
<subfield code="k">0</subfield>
</datafield>
</record>
